@Article{VdP04,
    author    = "V. den Poel, D. and Larivi√®re, B.",
    title     = "Customer attrition analysis for financial services using proportional hazard models.",
    year      = "2004",
    journal   = "European Journal of Operational Research",
    volume    = "157",
    pages     =  "169-217"
}

% Optional fields: volume/number, series, address, edition, month, note
@BOOK{HTF09,
    author = {Hastie, T. and Tibshirani, R. and Friedman, J.},
    title = {The elements of statistical learning, Second Edition},
    publisher = {Springer},
    year = {2009}
}

% Optional fields: author, title, howpublished, month, year, note
@MISC{skGB,
    title = {scikit-learn},
    howpublished = {http://scikit-learn.org/stable/modules/ensemble.html\#gradient-boosting},
    note = {accessed: 2015-11}
}
